@INPROCEEDINGS{koscher2010,
  author={Koscher, Karl and Czeskis, Alexei and Roesner, Franziska and Patel, Shwetak and Kohno, Tadayoshi and Checkoway, Stephen and McCoy, Damon and Kantor, Brian and Anderson, Danny and Shacham, Hovav and Savage, Stefan},
  booktitle={2010 IEEE Symposium on Security and Privacy}, 
  title={Experimental Security Analysis of a Modern Automobile}, 
  year={2010},
  volume={},
  number={},
  pages={447-462},
  keywords={Security;Automobiles;Automotive engineering;Computerized monitoring;Computer networks;Pervasive computing;Safety;Control systems;Roads;Testing;Automobiles;communication standards;communication system security;computer security;data buses},
  doi={10.1109/SP.2010.34}
}
@inproceedings{checkoway2011comprehensive,
  title={Comprehensive experimental analyses of automotive attack surfaces},
  author={Checkoway, Stephen and McCoy, Damon and Kantor, Brian and Anderson, Danny and Shacham, Hovav and Savage, Stefan and Koscher, Karl and Czeskis, Alexei and Roesner, Franziska and Kohno, Tadayoshi},
  booktitle={20th USENIX security symposium (USENIX Security 11)},
  year={2011}
}

@misc{canopen1,
  author = {CANOpen US},
  title = {History of CAN},
  note = {Zadnje pristupljeno 07. lipnja 2024},
  url = {https://canopen.us/home/history-of-can},
}

@misc{bosch1991,
    author = {Robert Bosch GmbH},
    title = {CAN Specification 2.0},
    year = {1991},
    note = {Zadnje pristupljeno 07. lipnja 2024},
    url = {http://esd.cs.ucr.edu/webres/can20.pdf}
}

@misc{canislabs1,
  author = {Canis Automotive Labs},
  title = {can security},
  note = {Zadnje pristupljeno 07. lipnja 2024},
  url = {https://canislabs.com/cansecurity/},
}

@article{huq2020driving,
  title={Driving security into connected cars: threat model and recommendations},
  author={Huq, Numaan and Gibson, Craig and Vosseler, Rainer},
  journal={Trend Micro},
  year={2020}
}


@misc{tencent2016tesla,
    author = {Tencent Keen Security Lab},
    title = {Car Hacking Research: Remote Attack Tesla Motors},
    year = {2016},
    note = {Zadnje pristupljeno 21. lipnja 2024},
    url = {https://keenlab.tencent.com/en/2016/09/19/Keen-Security-Lab-of-Tencent-Car-Hacking-Research-Remote-Attack-to-Tesla-Cars/}
}
@article{tencent2017free,
  title={Free-fall: Hacking tesla from wireless to can bus},
  author={Nie, Sen and Liu, Ling and Du, Yuefeng},
  journal={Briefing, Black Hat USA},
  volume={25},
  number={1},
  pages={16},
  year={2017}
}


@article{tencent2018over,
  title={Over-the-air: How we remotely compromised the gateway, BCM, and autopilot ECUs of Tesla cars},
  author={Nie, Sen and Liu, Ling and Du, Yuefeng and Zhang, Wenkai},
  journal={Briefing, Black Hat USA},
  volume={91},
  pages={1--19},
  year={2018}
}


@article{tencent2019bmw,
  title={0-days \& mitigations: roadways to exploit and secure connected BMW cars},
  author={Cai, Zhiqiang and Wang, Aohui and Zhang, Wenkai and Gruffke, Michael and Schweppe, Hendrick},
  journal={Black Hat USA},
  volume={2019},
  number={39},
  pages={6},
  year={2019}
}

@article{miller2015remote,
  title={Remote exploitation of an unaltered passenger vehicle},
  author={Miller, Charlie and Valasek, Chris},
  journal={Black Hat USA},
  volume={2015},
  number={S 91},
  pages={1--91},
  year={2015}
}

@article{miller2014survey,
  title={A survey of remote automotive attack surfaces},
  author={Miller, Charlie and Valasek, Chris},
  journal={black hat USA},
  volume={2014},
  pages={94},
  year={2014}
}


@article{miller2013adventures,
  title={Adventures in automotive networks and control units},
  author={Miller, Charlie and Valasek, Chris},
  journal={Def Con},
  volume={21},
  number={260-264},
  pages={15--31},
  year={2013}
}


@misc{curry2023web,
  author={Curry, Sam},
  title={Web Hackers vs. The Auto Industry: Critical Vulnerabilities in Ferrari, BMW, Rolls Royce, Porsche, and More},
  note = {Zadnje pristupljeno 07. lipnja 2024},
  year = {2023},
  url = {https://samcurry.net/web-hackers-vs-the-auto-industry}
}

@misc{tencent2018bmw,
    author = {Tencent Keen Security Lab},
    title = {New Vehicle Security Research by KeenLab: Experimental Security Assessment of BMW Cars},
    year = {2018},
    note = {Zadnje pristupljeno 08. lipnja 2024},
    url = {https://keenlab.tencent.com/en/2018/05/22/New-CarHacking-Research-by-KeenLab-Experimental-Security-Assessment-of-BMW-Cars/}
}

@misc{tencent2019tesla,
    author = {Tencent Keen Security Lab},
    title = {Experimental Security Research of Tesla Autopilot},
    year = {2019},
    note = {Zadnje pristupljeno 21. lipnja 2024},
    url = {https://keenlab.tencent.com/en/whitepapers/Experimental_Security_Research_of_Tesla_Autopilot.pdf}
}

@misc{tencent2019mercedes,
    author = {Tencent Keen Security Lab},
    title = {Mercedes-Benz MBUX Security Research Report},
    year = {2020},
    note = {Zadnje pristupljeno 21. lipnja 2024},
    url = {https://keenlab.tencent.com/en/whitepapers/Mercedes_Benz_Security_Research_Report_Final.pdf}
}

@article{upstream2019report,
    title = {Global automotive cybersecurity report},
    author = {Upstream Security},
    year = {2019},
}

@article{vsvabensky2021cybersecurity,
  title={Cybersecurity knowledge and skills taught in capture the flag challenges},
  author={{\v{S}}v{\'a}bensk{\`y}, Valdemar and {\v{C}}eleda, Pavel and Vykopal, Jan and Bri{\v{s}}{\'a}kov{\'a}, Silvia},
  journal={Computers \& Security},
  volume={102},
  pages={102154},
  year={2021},
  publisher={Elsevier}
}

@inproceedings{prinetto2020hardware,
  title={Hardware-based capture-the-flag challenges},
  author={Prinetto, Paolo and Roascio, Gianluca and Varriale, Antonio},
  booktitle={2020 IEEE East-West Design \& Test Symposium (EWDTS)},
  pages={1--8},
  year={2020},
  organization={IEEE}
}

@book{nasser2023automotive,
  title={Automotive Cybersecurity Engineering Handbook: The automotive engineer's roadmap to cyber-resilient vehicles},
  author={Nasser, Ahmad MK},
  year={2023},
  publisher={Packt Publishing Ltd}
}

@book{knight2020hacking,
  title={Hacking connected cars: Tactics, techniques, and procedures},
  author={Knight, Alissa},
  year={2020},
  publisher={John Wiley \& Sons}
}

@book{smith2016car,
  title={The car hacker's handbook: a guide for the penetration tester},
  author={Smith, Craig},
  year={2016},
  publisher={no starch press}
}

@article{aliwa2021cyberattacks,
  title={Cyberattacks and countermeasures for in-vehicle networks},
  author={Aliwa, Emad and Rana, Omer and Perera, Charith and Burnap, Peter},
  journal={ACM computing surveys (CSUR)},
  volume={54},
  number={1},
  pages={1--37},
  year={2021},
  publisher={ACM New York, NY, USA}
}

@misc{ecutesting, 
  author={ECU Testing},
  title={Powertrain Control Module (PCM) â€“ clearing the confusion.},
  note = {Zadnje pristupljeno 10. lipnja 2024},
  url = {https://www.ecutesting.com/categories/ecu-explained/powertrain-control-module/}
}

@book{bosch2022handbook,
   title =     {Automotive Handbook},
   author =    {Robert Bosch GmbH},
   publisher = {Wiley},
   isbn =      {9781119911906; 1119911907},
   year =      {2022},
   edition =   {11},
}

@misc{cbc2020relay,
    author = {CBC News},
    title = {Car theft caught on video shows high-tech thieves stealing Lexus in seconds},
    year = {2020},
    note = {Zadnje pristupljeno 10. lipnja 2024},
    url = {https://www.cbc.ca/news/canada/toronto/high-tech-vehicle-theft-42-division-1.5651337}
}

@misc{androidauto, 
    url= {https://www.android.com/auto/},
    author = {Android}, 
    title = {Android Auto},
    year = {2024},
    note = {Zadnje pristupljeno 11. lipnja 2024},
}

@misc{carplay, 
    url= {https://www.apple.com/ios/carplay/},
    author = {Apple},
    title = {Apple Carplay},
    year = {2024},
    note = {Zadnje pristupljeno 11. lipnja 2024},
} 

@misc{dissecto2023networks,
    url= {https://munich.dissec.to/kb/chapters/vehicle_networks.html},
    author = {dissecto},
    title = {Dissecto knowledgebase - Vehicle Networks},
    note = {Zadnje pristupljeno 11. lipnja 2024},
}


@misc{dissecto2023isotp,
    url= {https://munich.dissec.to/kb/chapters/isotp/isotp.html},
    author = {dissecto},
    title = {Dissecto knowledgebase - ISO-TP},
    note = {Zadnje pristupljeno 17. lipnja 2024},
}

@misc{dissecto2023uds,
    url= {https://munich.dissec.to/kb/chapters/uds/uds.html},
    author = {dissecto},
    title = {Dissecto knowledgebase - UDS},
    note = {Zadnje pristupljeno 18. lipnja 2024},
}

@misc{dissecto2023popular,
    url= {https://munich.dissec.to/kb/chapters/oem/hacks.html},
    author = {dissecto},
    title = {Dissecto knowledgebase - Popular Car Hacks},
    note = {Zadnje pristupljeno 21. lipnja 2024},
}

@misc{mercedes1991can,
    url= {https://web.archive.org/web/20190610012852/https://www.mercedes-benz.com/en/mercedes-benz/classic/history/mercedes-benz-s-class-w-140/},
    title = {Mercedes-Benz S-Class W140},
    note = {Zadnje pristupljeno 14. lipnja 2024},
}

@misc{bosch2012canfd,
    author = {Robert Bosch GmbH},
    title = {CAN with Flexible Data-Rate 1.0},
    year = {2012},
    note = {Zadnje pristupljeno 17. lipnja 2024},
    url = {https://can-newsletter.org/assets/files/ttmedia/raw/e5740b7b5781b8960f55efcc2b93edf8.pdf}
}

@misc{falch2022obd,
    author = {Martin Falch},
    title = {OBD2 Explained},
    year = {2022},
    note = {Zadnje pristupljeno 17. lipnja 2024},
    url = {https://www.csselectronics.com/pages/obd2-explained-simple-intro}
}

@misc{falch2022uds,
    author = {Martin Falch},
    title = {UDS Explained},
    year = {2022},
    note = {Zadnje pristupljeno 17. lipnja 2024},
    url = {https://www.csselectronics.com/pages/uds-protocol-tutorial-unified-diagnostic-services}
}

@misc{falch2022xcp,
    author = {Martin Falch},
    title = {CCP / XCP on CAN Explained},
    year = {2022},
    note = {Zadnje pristupljeno 17. lipnja 2024},
    url = {https://www.csselectronics.com/pages/ccp-xcp-on-can-bus-calibration-protocol}
}

@techreport{ISO14229,
type = {Standard},
key = {ISO 14229-1:2020},
year = {2020},
title = {{Road vehicles â€” Unified diagnostic services (UDS)}},
volume = {2020},
address = {Geneva, CH},
institution = {International Organization for Standardization}
}

@misc{vector2021uds,
    author = {Vector},
    title = {Testing of Security-Protected ECUs and Networks with the Security Manager},
    year = {2021},
    note = {Zadnje pristupljeno 18. lipnja 2024},
    url = {https://cdn.vector.com/cms/content/events/2021/Webinars21/Vector_Webinar_Security_Manager.pdf}
}

@misc{tindell2023injection,
    author = {Tindell, Kevin},
    title = {CAN Injection: keyless car theft},
    year = {2023},
    note = {Zadnje pristupljeno 19. lipnja 2024},
    url = {https://kentindell.github.io/2023/04/03/can-injection/}
}

@article{bozdal2020evaluation,
  title={Evaluation of can bus security challenges},
  author={Bozdal, Mehmet and Samie, Mohammad and Aslam, Sohaib and Jennions, Ian},
  journal={Sensors},
  volume={20},
  number={8},
  pages={2364},
  year={2020},
  publisher={MDPI}
}

@techreport{tindell2022can,
    author = {Tindell, Ken},
    title = {CAN Bus Security},
    institution = {Canis Automotive Labs},
    year = {2022}
}

@inproceedings{cho2016error,
  title={Error handling of in-vehicle networks makes them vulnerable},
  author={Cho, Kyong-Tak and Shin, Kang G},
  booktitle={Proceedings of the 2016 ACM SIGSAC Conference on Computer and Communications Security},
  pages={1044--1055},
  year={2016}
}

@misc{autosar2020secoc,
    author = {AUTOSAR},
    title = {Specification of Secure Onboard Communication Protocol},
    year = {2020},
    note = {Zadnje pristupljeno 20. lipnja 2024},
    url = {https://www.autosar.org/fileadmin/standards/R20-11/FO/AUTOSAR_PRS_SecOcProtocol.pdf}
}

@inproceedings{weiss2021automated,
  title={Automated threat evaluation of automotive diagnostic protocols},
  author={Weiss, Nils and Renner, Sebastian and Mottok, J{\"u}rgen and Matou{\v{s}}ek, V{\'a}clav},
  booktitle={ESCAR USA, 2021, Virtual},
  year={2021}
}

@inproceedings{lauser2023formal,
  title={Formal Security Analysis of Vehicle Diagnostic Protocols},
  author={Lauser, Timm and Krau{\ss}, Christoph},
  booktitle={Proceedings of the 18th International Conference on Availability, Reliability and Security},
  pages={1--11},
  year={2023}
}

@conference{sermpinis2022uds,
  author       = {Sermpinis, Thomas},
  title        = {UDS Fuzzing and the Path to Game Over},
  year         = {2022},
  organization = {TROOPERS},
  url = {https://troopers.de/troopers22/agenda/tr22-993-uds-fuzzing-and-the-path-to-game-over/}
}

@conference{sermpinis2022automotive,
  author       = {Sermpinis, Thomas},
  title        = {Horror Stories from the Automotive Industry},
  year         = {2023},
  organization = {Chaos Communication Camp},
  url = {https://pretalx.c3voc.de/camp2023/talk/UEHEVD/}
}

@article{ring2014evaluation,
  title={Evaluation of vehicle diagnostics security--implementation of a reproducible security access},
  author={Ring, Martin and Rensen, Tobias and Kriesten, Reiner},
  journal={SECURWARE 2014},
  volume={213},
  year={2014}
}

@inproceedings{durrwang2017security,
  title={Security evaluation of an airbag-ECU by reusing threat modeling artefacts},
  author={D{\"u}rrwang, J{\"u}rgen and Braun, Johannes and Rumez, Marcel and Kriesten, Reiner},
  booktitle={2017 International Conference on Computational Science and Computational Intelligence (CSCI)},
  pages={37--43},
  year={2017},
  organization={IEEE}
}

@inproceedings{rouf2010security,
  title={Security and privacy vulnerabilities of $\{$In-Car$\}$ wireless networks: A tire pressure monitoring system case study},
  author={Rouf, Ishtiaq and Miller, Rob and Mustafa, Hossen and Taylor, Travis and Oh, Sangho and Xu, Wenyuan and Gruteser, Marco and Trappe, Wade and Seskar, Ivan},
  booktitle={19th USENIX Security Symposium (USENIX Security 10)},
  year={2010}
}

@article{computest2018connected,
  title={â€˜The connected car ways to get unauthorized access and potential implications},
  author={Keuper, Daan and Alkemade, Thijs},
  journal={Computest, Zoetermeer, The Netherlands, Tech. Rep},
  year={2018}
}

@misc{wired2024kes,
    author = {Greenberg, Andy},
    title = {Teslas Can Still Be Stolen With a Cheap Radio Hackâ€”Despite New Keyless Tech},
    year = {2024},
    note = {Zadnje pristupljeno 21. lipnja 2024},
    url = {https://www.wired.com/story/tesla-ultra-wideband-radio-relay-attacks/}
}

@article{wouters2019fast,
  title={Fast, furious and insecure: Passive keyless entry and start systems in modern supercars},
  author={Wouters, Lennert and Marin, Eduard and Ashur, Tomer and Gierlichs, Benedikt and Preneel, Bart},
  journal={IACR Transactions on Cryptographic Hardware and Embedded Systems},
  volume={2019},
  number={3},
  pages={66--85},
  year={2019},
  publisher={Ruhr-University Bochum}
}

@conference{weiss2022uds,
  author       = {Weiss, Nils},
  title        = {Fault Injection Attacks on Secure Automotive Bootloaders},
  year         = {2023},
  organization = {TROOPERS},
  url = {https://troopers.de/troopers23/talks/8knnr7/}
}

@misc{bhvsec,
    author = {Blockharbour},
    title = {VSEC},
    url = {https://vsec.blockharbor.io/},
    note = {Zadnje pristupljeno 21. lipnja 2024},
}

@misc{bhprovinggrounds,
    author = {Blockharbour},
    title = {Proving Grounds},
    url = {https://proving-grounds.blockharbor.io/},
    note = {Zadnje pristupljeno 21. lipnja 2024},

}


@misc{cloudcar,
    title = {CloudCar},
    url = {https://cloudcar.canbushack.com/},
    note = {Zadnje pristupljeno 21. lipnja 2024},
}

@misc{one2022cloudcar,
    author = {00one},
    title = {DEFCON30 Car Hacking Village CTF Memorandum},
    year = {2022},
    note = {Zadnje pristupljeno 21. lipnja 2024},
    url = {https://www.00one.jp/blog/information/defcon30-chvctf-eng/}
}

@article{toyama2018pasta,
  title={PASTA: Portable automotive security testbed with adaptability},
  author={Toyama, Tsuyoshi and Yoshida, Takuya and Oguma, Hisashi and Matsumoto, Tsutomu},
  journal={Proceedings of the Black Hat Europe},
  year={2018}
}
@misc{tsu2018pastagithub,
    author = {Toyama, Tsuyoshi and Yoshida, Takuya and Oguma, Hisashi and Matsumoto, Tsutomu},
    title = {PASTA1.0},
    year = {2018},
    note = {Zadnje pristupljeno 21. lipnja 2024},
    url = {https://github.com/pasta-auto/PASTA1.0}
}

@misc{tsu2018pastacarla,
    author = {Toyama, Tsuyoshi and Yoshida, Takuya and Oguma, Hisashi and Matsumoto, Tsutomu},
    title = {CARLA-PASTA},
    year = {2018},
    note = {Zadnje pristupljeno 21. lipnja 2024},
    url = {https://github.com/pasta-auto/CARLA-PASTA}
}


@misc{socketcan,
    author = {Oliver Hartkopp},
    title = {SocketCAN},
    note = {Zadnje pristupljeno 23. lipnja 2024},
    url = {https://www.kernel.org/doc/html/next/networking/can.html}
}



@inproceedings{dosovitskiy2017carla,
    author = {Dosovitskiy, Alexey and Ros, German and Codevilla, Felipe and LÂ´opez, Antonio and Koltun, Vladlen},
    title = {CARLA: An Open Urban Driving Simulator},
    booktitle = {1st Conference on Robot Learning (CoRL 2017)},
    year = {2017}
}

@inproceedings{reinhardt2015mapping,
  title={Mapping CAN-to-ethernet communication channels within virtualized embedded environments},
  author={Reinhardt, Dominik and G{\"u}ntner, Maximilian and Kucera, Markus and Waas, Thomas and K{\"u}hnhauser, Winfried},
  booktitle={10th IEEE International Symposium on Industrial Embedded Systems (SIES)},
  pages={1--10},
  year={2015},
  organization={IEEE}
}

@misc{caringcaribou,
    title = {Alat caringcaribou},
    note = {Zadnje pristupljeno 24. lipnja 2024},
    url = {https://github.com/CaringCaribou/caringcaribou}
}

@misc{canisotp,
    title = {Biblioteka can-isotp},
    note = {Zadnje pristupljeno 24. lipnja 2024},
    url = {https://can-isotp.readthedocs.io/en/latest/}
}
@misc{pythoncan,
    title = {Biblioteka python-can},
    note = {Zadnje pristupljeno 24. lipnja 2024},
    url = {https://python-can.readthedocs.io/en/stable/}
}
@misc{scapy,
    title = {Biblioteka Scapy},
    note = {Zadnje pristupljeno 24. lipnja 2024},
    url = {https://scapy.readthedocs.io/en/latest/}
}

@misc{bubbletea,
    title = {Razvojni okvir Bubbletea},
    author = {Charmbracelet},
    note = {Zadnje pristupljeno 24. lipnja 2024},
    url = {https://github.com/charmbracelet/bubbletea}
}

@misc{wish,
    title = {Biblioteka Wish},
    author = {Charmbracelet},
    note = {Zadnje pristupljeno 24. lipnja 2024},
    url = {https://github.com/charmbracelet/wish}
}

@misc{libnetwork,
    title = {Biblioteka LibNetwork},
    author = {moby},
    note = {Zadnje pristupljeno 24. lipnja 2024},
    url = {https://github.com/moby/moby/tree/master/libnetwork}
}

@misc{gohelpers,
    title = {PomoÄ‡ni kod za pisanje Docker dodataka u programskom jeziku Go},
    author = {Docker},
    note = {Zadnje pristupljeno 25. lipnja 2024},
    url = {https://github.com/docker/go-plugins-helpers/tree/master/network}
}

@misc{garcia2016namespaces,
    title = {Network namespaces},
    author = {Diego Pino GarcÃ­a},
    year = {2016},
    note = {Zadnje pristupljeno 25. lipnja 2024},
    url = {https://blogs.igalia.com/dpino/2016/04/10/network-namespaces/}
}

@misc{lkml2018candocker,
    title = {Docker containers, vxcan and cangw},
    author = {Gagneraud, Christian and Hartkopp, Oliver},
    year = {2018},
    note = {Zadnje pristupljeno 25. lipnja 2024},
    url = {https://www.spinics.net/lists/linux-can/msg00297.html}
}

@misc{man2024namespaces,
    title = {network\_namespaces(7) â€” Linux manual page},
    year = {2024},
    note = {Zadnje pristupljeno 25. lipnja 2024},
    url = {https://man7.org/linux/man-pages/man7/network_namespaces.7.html}
}

@misc{liu2018interfaces,
    title = {Introduction to Linux interfaces for virtual networking},
    author = {Hangbin Liu},
    year = {2018},
    note = {Zadnje pristupljeno 25. lipnja 2024},
    url = {https://developers.redhat.com/blog/2018/10/22/introduction-to-linux-interfaces-for-virtual-networking}
}

@misc{rana2023dockernetworking,
    title = {Docker Networking Demystified},
    author = {Saurav Rana},
    year = {2023},
    note = {Zadnje pristupljeno 25. lipnja 2024},
    url = {https://blog.kubesimplify.com/docker-networking-demystified}
}
